@INPROCEEDINGS{pl0025, 
author={{Pavneet S.} Kochhar and {Dinusha} Wijedasa and {David} Lo}, 
booktitle={2016 IEEE 23rd International Conference on Software Analysis, Evolution, and Reengineering (SANER)}, 
title={A Large Scale Study of Multiple Programming Languages and Code Quality}, 
year={2016}, 
volume={1}, 
number={}, 
pages={563-573}, 
keywords={C++ language;Java;program debugging;project management;regression analysis;software quality;source code (software);multiple programming languages;code quality;software quality;software bug;large-scale empirical analysis;GitHub projects;multiple regression models;bug fixing commits;project age;project size;team size;commit number;project quality;statistical analysis;C++ language;Objective-C language;Java language;memory analysis;concurrency analysis;algorithm bugs;Computer bugs;Java;Programming;Software quality;Google;multiple programming languages;code quality;bug fix commits;multiple regression models}, 
doi={10.1109/SANER.2016.112}, 
ISSN={}, 
month={March},}

@inproceedings{pl0017,
 author = {Michael Coblenz, Jonathan Aldrich and {Brad A.} Myers, and Joshua Sunshine},
 title = {Interdisciplinary Programming Language Design},
 booktitle = {Proceedings of the 2018 ACM SIGPLAN International Symposium on New Ideas, New Paradigms, and Reflections on Programming and Software},
 series = {Onward! 2018},
 year = {2018},
 isbn = {978-1-4503-6031-9},
 location = {Boston, MA, USA},
 pages = {133--146},
 numpages = {14},
 url = {http://doi.acm.org/10.1145/3276954.3276965},
 doi = {10.1145/3276954.3276965},
 acmid = {3276965},
 publisher = {ACM},
 address = {New York, NY, USA},
 keywords = {programming language design, programming language evaluation, user-centered design},
} 

@INPROCEEDINGS{pl0027, 
author={{John F.} Pane and {Brad A.} Myers and {Leah B.} Miller}, 
booktitle={Proceedings IEEE 2002 Symposia on Human Centric Computing Languages and Environments}, 
title={Using HCI techniques to design a more usable programming system}, 
year={2002}, 
volume={}, 
number={}, 
pages={198-206}, 
keywords={visual languages;visual programming;computer aided instruction;graphical user interfaces;HCI techniques;usable programming system;programming system;user interface;HANDS;event-based language;Human computer interaction;User interfaces;Programming profession;Usability;Computational modeling;Computer interfaces;Computer languages;Design methodology;Concrete;Animation}, 
doi={10.1109/HCC.2002.1046372}, 
ISSN={}, 
month={Sep.},}

@inproceedings{pl0018,
 author = {Casey O'Brien and Max Goldman and Robert C. Miller},
 title = {Java Tutor: Bootstrapping with Python to Learn Java},
 booktitle = {Proceedings of the First ACM Conference on Learning @ Scale Conference},
 series = {L@S '14},
 year = {2014},
 isbn = {978-1-4503-2669-8},
 location = {Atlanta, Georgia, USA},
 pages = {185--186},
 numpages = {2},
 url = {http://doi.acm.org/10.1145/2556325.2567873},
 doi = {10.1145/2556325.2567873},
 acmid = {2567873},
 publisher = {ACM},
 address = {New York, NY, USA},
 keywords = {java, python, tutor},
} 

@article{pl0022,
author = {{Karen P.}   Walker  and  {Stephen R.}  Schach },
title = {Obstacles to Learning a Second Programming Language: An Empirical Study},
journal = {Computer Science Education},
volume = {7},
number = {1},
pages = {1-20},
year  = {1996},
publisher = {Routledge},
doi = {10.1080/0899340960070101},
}


@article{pl0023,
author = {Tony Jenkins},
title = {The First Language - A Case for Python?},
journal = {Innovation in Teaching and Learning in Information and Computer Sciences},
volume = {3},
number = {2},
pages = {1-9},
year  = {2004},
publisher = {Routledge},
doi = {10.11120/ital.2004.03020004},

URL = { 
        https://doi.org/10.11120/ital.2004.03020004
    
},
eprint = { 
        https://doi.org/10.11120/ital.2004.03020004
    
}

}

@article{pl0024,
  title={Java as first programming language: a critical evaluation},
  author={Said Hadjerrouit},
  journal={SIGCSE Bulletin},
  year={1997},
  volume={30},
  pages={43-47}
}

@inproceedings{pl0019,
  title={The Roles Beacons Play in Comprehension for Novice and Expert Programmers},
  author={{Martha E}. Crosby and Jean Scholtz and Susan Wiedenbeck},
  booktitle={PPIG},
  year={2002}
}

@article{pl0020,
title = "Beacons in computer program comprehension",
journal = "International Journal of Man-Machine Studies",
volume = "25",
number = "6",
pages = "697 - 709",
year = "1986",
issn = "0020-7373",
doi = "https://doi.org/10.1016/S0020-7373(86)80083-9",
author = "Susan Wiedenbeck"
}

@ARTICLE{pl0021, 
author={Yu-Tzu {Lin} and Cheng-Chih {Wu} and Ting-Yun {Hou} and Yu-Chih {Lin} and Fang-Ying {Yang} and Chia-Hu {Chang}}, 
journal={IEEE Transactions on Education}, 
title={Tracking Students’ Cognitive Processes During Program Debugging—An Eye-Movement Approach}, 
year={2016}, 
volume={59}, 
number={3}, 
pages={175-186}, 
keywords={C language;cognition;computer science education;further education;gaze tracking;program debugging;program debugging;eye-movement approach;eye tracker;C programs;program codes;sequential analysis;program higher-level logic;adaptive instructional strategies;student cognitive processes;computer science undergraduates;Debugging;Computer bugs;Programming profession;Sequential analysis;Cognition;Tracking;Cognition analysis;eye-movement analysis;program debugging;programming instruction}, 
doi={10.1109/TE.2015.2487341}, 
ISSN={0018-9359}, 
month={Aug},}

@article{pl0031,
  title={Task-switching and long-term priming: Role of episodic stimulus–task bindings in task-shift costs},
  author={Florian Waszak and Bernhard Hommel and Alan Allport},
  journal={Cognitive Psychology},
  year={2003},
  volume={46},
  pages={361-413}
}

% TODO(rhao): Revisit a make sure this is accurate.
@article{pl0046,
  title={The bilingual’s language modes},
  author={Fran{\c{c}}ois Grosjean},
  journal={One mind,
two languages: Bilingual language processing},
    pages={1-22},
  year={2001},
  publisher={Blackwell}
}

@article{pl0048,
author = {Jubin   Abutalebi  and  David W.   Green },
title = {Control mechanisms in bilingual language production: Neural evidence from language switching studies},
journal = {Language and Cognitive Processes},
volume = {23},
number = {4},
pages = {557-582},
year  = {2008},
publisher = {Routledge},
doi = {10.1080/01690960801920602},
}

@article{pl0026,
author = {Baishakhi Ray and Daryl Posnett and Vladimir Filkov and  Premkumar Devanbu},
year = {2014},
month = {11},
pages = {155-165},
title = {A large scale study of programming languages and code quality in github},
isbn = {9781450330565},
journal = {Proc. FSE 2014},
doi = {10.1145/2635868.2635922}
}

% TODO(rhao): Revisit a make sure this is accurate.
@article{pl0038,
  title={Multi-language programming: how {.NET} does it},
  author={Bertrand Meyer},
  journal={Software Development},
  year={2002}
}

@article{pl0029,
author = {Esti Blanco-Elorrieta and Karen Emmorey and Liina Pylkkänen},
year = {2018},
month = {09},
pages = {201809779},
title = {Language switching decomposed through MEG and evidence from bimodal bilinguals},
volume = {115},
journal = {Proceedings of the National Academy of Sciences},
doi = {10.1073/pnas.1809779115}
}

@article{pl0030,
  title={Language Control in Bilinguals: Monitoring and Response Selection.},
  author={Francesca M. Branzi and Pasquale A. Della Rosa and Matteo Canini and Albert Costa and Jubin Abutalebi},
  journal={Cerebral cortex},
  year={2016},
  volume={26 6},
  pages={
          2367-80
        }
}

@article{pl0049, title={Language control in bilinguals: Monolingual tasks and simultaneous interpreting}, volume={9}, DOI={10.1017/S1366728906002537}, number={2}, journal={Bilingualism: Language and Cognition}, publisher={Cambridge University Press}, author={Annette M. B. De Groot and Ingrid K. Christoffels}, year={2006}, pages={189–201}}

% @article{pl0042,
%  author = {Brad A. Myers and John F. Pane and Andy Ko},
%  title = {Natural Programming Languages and Environments},
%  journal = {Commun. ACM},
%  issue_date = {September 2004},
%  volume = {47},
%  number = {9},
%  month = sep,
%  year = {2004},
%  issn = {0001-0782},
%  pages = {47--52},
%  numpages = {6},
%  url = {http://doi.acm.org/10.1145/1015864.1015888},
%  doi = {10.1145/1015864.1015888},
%  acmid = {1015888},
%  publisher = {ACM},
%  address = {New York, NY, USA},
% } 

@article{pl0034,
author = {David W. Green and Li Wei},
year = {2016},
month = {02},
pages = {1-2},
title = {Code-switching and language control},
volume = {-1},
journal = {Bilingualism: Language and Cognition},
doi = {10.1017/S1366728916000018}
}

@article{pl0028,
author = {Krista Byers-Heinlein and Elizabeth Morin-Lessard and Casey Lew-Williams},
year = {2017},
month = {08},
pages = {201703220},
title = {Bilingual infants control their languages as they listen},
volume = {114},
journal = {Proceedings of the National Academy of Sciences},
doi = {10.1073/pnas.1703220114}
}

@book{pl0011,
  author    = {Fran{\c{c}}ois Grosjean and Ping Li}, 
  title     = {The Psycholinguistics of Bilingualism},
  publisher = {Wiley-Blackwell},
  year      = 2013,
  address   = {Chichester},
  note      = {},
  isbn      = {978-1444332780}
}

@article{pl0050, title={Mental control of the bilingual lexico-semantic system}, volume={1}, DOI={10.1017/S1366728998000133}, number={2}, journal={Bilingualism: Language and Cognition}, publisher={Cambridge University Press}, author={David W. Green}, year={1998}, pages={67–81}}